
@book{keith1,
    title = {Evolution and ethic},
    author = {Arthur Keith},
    isbn = {9781404349650},
    pages = {248},
    year = {1947},
    publisher = {G.P. Putnam's Sons},
    keywords = {physics}
}
@book{ag_bibel_kommentar,
  author    = {Arno C. Gaebelein},
  title     = {{K}ommentar zur Bibel},
  publisher = {Verlag Mitternachtsruf},
  year      = {2014},
  address   = {DÃ¼bendorf},
  isbn      = {978-3-85810-065-8},
  note      = {}
}
@book{an_christ_glauben,
  author    = {Alain Nisus},
  title     = {Das grosse Buch zum christlichen Glauben},
  publisher = {Brunnen},
  year      = {2017},
  address   = {Giessen},
  isbn      = {978-3-7655-0977-3},
  note      = {}
}
@book{bibli:1,
  author    = {Lewis S. Chafer and John F. Walvoord},
  title     = {{G}rundlagen biblischer Lehren},
  publisher = {Verlag Mitternachtsruf},
  year      = {2018},
  address   = {Witten},
  isbn      = {978-3-85810-474-8},
  note      = {}
}
@book{jmca_bibel_kommentar,
  author    = {John McArthur},
  title     = {{S}udienbibel Schlacher Version},
  publisher = {CLV},
  year      = {2002},
  address   = {Bielefeld},
  isbn      = {978-3-89397-045-2},
  note      = {}
}
@book{wmd_at_kommentar,
  author    = {William McDonald},
  title     = {{K}ommentar zum Alten Testament},
  publisher = {CLV},
  year      = {2005},
  address   = {Bielefeld},
  isbn      = {978-3-89397-657-7},
  note      = {}
}
@book{wmd_nt_kommentar,
  author    = {William McDonald},
  title     = {{K}ommentar zum Neuen Testament},
  publisher = {CLV},
  year      = {1992},
  address   = {Bielefeld},
  isbn      = {978-3-89397-378-1},
  note      = {}
}